<record><leader>00000cas a22000007a 4500</leader><controlfield tag="001">9813578</controlfield><controlfield tag="008">830816d19481951ncuwr ne      0   a0eng d</controlfield><datafield ind1=" " ind2=" " tag="010"><subfield code="a">sn 83025808 </subfield></datafield><datafield ind1=" " ind2=" " tag="040"><subfield code="a">NPV</subfield><subfield code="b">eng</subfield><subfield code="c">NPV</subfield><subfield code="d">NVJ</subfield><subfield code="d">OCLCF</subfield><subfield code="d">OCLCO</subfield></datafield><datafield ind1="1" ind2=" " tag="029"><subfield code="a">AU@</subfield><subfield code="b">000020406855</subfield></datafield><datafield ind1=" " ind2=" " tag="042"><subfield code="a">msc</subfield></datafield><datafield ind1=" " ind2=" " tag="043"><subfield code="a">n-us-nc</subfield></datafield><datafield ind1=" " ind2=" " tag="045"><subfield code="a">x4x5</subfield></datafield><datafield ind1=" " ind2=" " tag="052"><subfield code="a">3903</subfield><subfield code="b">R5</subfield></datafield><datafield ind1="0" ind2="0" tag="245"><subfield code="a">East Rockingham news.</subfield></datafield><datafield ind1=" " ind2=" " tag="260"><subfield code="a">East Rockingham, N.C. :</subfield><subfield code="b">C.A. Martin,</subfield><subfield code="c">1948-</subfield></datafield><datafield ind1=" " ind2=" " tag="300"><subfield code="a">v. :</subfield><subfield code="b">ill. ;</subfield><subfield code="c">56 cm.</subfield></datafield><datafield ind1=" " ind2=" " tag="310"><subfield code="a">Weekly</subfield></datafield><datafield ind1="0" ind2=" " tag="362"><subfield code="a">Vol. 1, no. 1 (Oct. 29, 1948)-</subfield></datafield><datafield ind1="1" ind2=" " tag="362"><subfield code="a">Ceased in 1951.</subfield></datafield><datafield ind1=" " ind2=" " tag="500"><subfield code="a">On June 19, 1951, the McColl messenger separated from the News messenger (Hamlet, N.C.) and resumed publication from McColl, S.C.</subfield></datafield><datafield ind1=" " ind2=" " tag="580"><subfield code="a">Merged with: Hamlet news messenger, and: McColl messenger, to form: News messenger (Hamlet, N.C.), &lt;Apr. 9, 1951&gt;.</subfield></datafield><datafield ind1=" " ind2="0" tag="651"><subfield code="a">Richmond County (N.C.)</subfield><subfield code="v">Newspapers.</subfield></datafield><datafield ind1=" " ind2="7" tag="655"><subfield code="a">Newspapers.</subfield><subfield code="2">fast</subfield><subfield code="0">(OCoLC)fst01423814</subfield></datafield><datafield ind1=" " ind2="7" tag="651"><subfield code="a">North Carolina</subfield><subfield code="z">Richmond County.</subfield><subfield code="2">fast</subfield><subfield code="0">(OCoLC)fst01211833</subfield></datafield><datafield ind1=" " ind2=" " tag="752"><subfield code="a">United States</subfield><subfield code="b">North Carolina</subfield><subfield code="c">Richmond</subfield><subfield code="d">Rockingham.</subfield></datafield><datafield ind1=" " ind2=" " tag="752"><subfield code="a">United States</subfield><subfield code="b">North Carolina</subfield><subfield code="c">Richmond</subfield><subfield code="d">East Rockingham.</subfield></datafield><datafield ind1="1" ind2="7" tag="785"><subfield code="t">Hamlet news messenger</subfield><subfield code="w">(DLC)sn 95072298</subfield></datafield><datafield ind1="1" ind2="7" tag="785"><subfield code="t">McColl messenger</subfield><subfield code="w">(DLC)sn 93067704</subfield></datafield><datafield ind1="1" ind2="7" tag="785"><subfield code="t">News messenger (Hamlet, N.C.)</subfield><subfield code="w">(DLC)sn 95072299</subfield></datafield></record>